@book{deReuse:1994,
	author    = {de Reuse, Willem J.},
	title     = {{Siberian} {Yupik} {Eskimo} --- The Language and Its Contacts with {Chukchi}},
	series    = {Studies in Indigenous Languages of the Americas},
	publisher = {University of Utah Press},
	year      = {1994}	
}

@inproceedings{Hulden:2009,
    title        = {Foma: a finite-state compiler and library},
    author       = {Hulden, Mans},
    booktitle    = {Proceedings of the 12th Conference of the European Chapter of the ACL},
    pages        = {29--32},
    year         = {2009},
}

@book{Jacobson:2001,
	author    = {Jacobson, Steven A.},
	title     = {A Practical Grammar of the {St. Lawrence Island}/{Siberian Yupik} {Eskimo} Language},
	year      = {2001},
	edition   = {2nd},
	publisher = {Alaska Native Language Center},
	address   = {Fairbanks, Alaska}
}

@book{Koonooka:2003,
    author      = {Koonooka, Christopher},
    title       = {Ungipaghaghlanga: Let Me Tell You A Story},
    year        = {2003},
    publisher   = {Alaska Native Language Center},
    address    = {Fairbanks, Alaska},
}

@inproceedings{Schwartz:etal:ComputEL:2019,
    author   = {Schwartz, L. and Chen, E. and Hunt, B. and Schreiner, S.},
    title    = {Bootstrapping a Neural Morphological Analyzer for {SLI} {Yupik} from a Finite-State Transducer},
    booktitle = {Proc.~ComputEL},
    year     = {2019},
    month    = {Feb},
}

@inproceedings{Hunt:etal:ICLDC:2019,
    author   = {Hunt, B., and Chen, E. and Schwartz, L. and Schreiner, S.},
    title    = {Introducing An Electronic Dictionary for {Central Siberian} / {St.~Lawrence Island} Yupik},
    booktitle = {Proc.~ICLDC},
    year     = {2019},
    month    = {Feb},
}

@inproceedings{ChenSchwartz:LREC:2018,
	author    = {Chen, Emily and Schwartz, Lane},
	title     = {A Morphological Analyzer for {St. Lawrence Island} / {Central Siberian Yupik}},
	booktitle = {Proceedings of the 11th LREC},
	year      = {2018},
	month     = {May},
	address   = {Miyazaki, Japan}
}

@article{SchwartzChen:2017,
    author = {Schwartz, Lane and Chen, Emily},
    title = {Liinnaqumalghiit: A web-based tool for addressing orthographic transparency in {St. Lawrence Island Yupik}},
    Journal = {LD\&C},
    month = {Sept},
    year = {2017},
    volume = {11},
    pages = {275--288},
}

@book{Nagai:2001,
    author    = {Nagai, Kayo and Waghiyi, Della},
    publisher = {ELPR},
    series    = {Endangered Languages of the Pacific Rim},
    title     = {{St.~Lawrence Island Yupik} texts with grammatical analysis},
    volume    = {A2-006},
    year      = {2001},
}

@book{Badten:2008,
	author    = {Badten, Linda Womkon and Kaneshiro, Vera Oovi and Oovi, Marie and Koonooka,  Christopher},
	title     = {{St.} {Lawrence} {Island} / {Siberian} {Yupik} {Eskimo} Dictionary},
	year      = {2008},
	publisher = {ANLC}, 
}







@article{Krauss:1975,
	author    = {Krauss, Michael},
	title     = {{St. Lawrence Island Eskimo} Phonology and Orthography},
	journal   = {Linguistics: An International Review},
	volume    = {13},
	number    = {152},
	month     = {January},
	year      = {1975},
	publisher = {Mouton},
	address   = {The Hague},
	pages     = {39--72}
}






@book{Apassingok:LoreSLI,
	editor    = {Apassingok, Anders and Walunga, Willis and Tennant, Edward},
	title     = {{Lore} of {St. Lawrence Island} --- {Echoes} of our {Eskimo} Elders},
	note    = {3 volumes},
	publisher = {BSSD},
	year      = {1985, 1987, 1989},
}



@book{Apassingok:Readers,
	editor    = {Apassingok, Anders and Uglowook, Jessie and Koonooka, Lorena and Tennant, Edward},
	title     = {A Reading Series in Yupik and English},
	note      = {3 volumes},
	publisher = {BSSD},
	year      = {1993, 1994, 1995},
}


@article{Schwalbe:2017,
	author    = {Schwalbe, Daria Morgounova},
	title     = {Sustaining Linguistic Continuity in the {Beringia}: Examining Language Shift and \ldots\ Sustainability},
	journal   = {Anthropologica},
	volume    = {59},
	number    = {1},
	year      = {2017},
	pages     = {28--43},
}